3508 5484
601 539 800 592 ueterem.

161 681 282 749 (ledere
295 681 428 750 divitiis
442 683 543 752 enimi
557 685 688 752 fortune
701 685 833 766 fatetur,

200 783 242 850 Et
254 789 368 850 tantu
382 786 453 849 oris
468 787 566 870 copie
579 787 685 852 vincit
696 805 790 870 opes.

159 881 211 950 An
222 903 329 962 rarus,
345 885 407 968 qui
420 886 547 968 scripte
561 886 669 950 feroti
693 887 772 968 quin
786 893 933 971 tempore
948 885 1039 953 nullo

199 985 340 1050 Cessent
355 984 532 1051 Flaminiae
548 986 781 1069 pulverulenta
794 989 872 1052 viee.

160 1085 239 1152 Cum
252 1087 336 1150 fluet
349 1085 526 1168 ingenium,
542 1106 619 1150 cum
632 1086 676 1150 sit
690 1089 748 1171 qui
762 1087 853 1152 dicte
866 1093 1032 1172 reportet3
1109 1108 1111 1111 ’

198 1185 297 1266 Quae,
312 1187 381 1250 uisi
396 1192 598 1265 contemnor,
613 1190 851 1254 causarelicte
864 1191 950 1254 tibii
1210 1185 1254 1252 10

158 1287 311 1372 Despicis
325 1307 408 1370 ergo
424 1294 528 1365 urum,
544 1290 573 1352 si
586 1289 638 1352 fas
654 1295 707 1354 est
720 1289 862 1366 credere,
877 1295 1008 1370 vatem3
1091 1339 1095 1346 .

197 1388 351 1454 Perfidus
364 1393 401 1453 et
416 1389 529 1472 spatio
543 1389 736 1454 debilitatur
749 1391 865 1453 amori

157 1487 392 1556 Excidimusne
407 1491 491 1554 tibit
513 1491 622 1554 lucem
630 1489 704 1575 jam
719 1490 839 1555 condet
853 1489 1050 1574 Hydaspes,

197 1589 241 1656 Et
252 1589 482 1668 Tartessiaco,
496 1591 566 1670 Sol,
580 1593 685 1657 oriere
700 1592 810 1658 vado:

158 1690 338 1757 crudescet
352 1691 484 1756 Geticis
498 1691 615 1757 Meroe
631 1711 796 1758 conversa
808 1690 948 1776 pruinis,
1210 1689 1255 1756 lb

197 1790 362 1874 claraque
378 1811 419 1855 se
433 1791 537 1856 vetito
551 1793 686 1876 proluet
701 1791 791 1856 Ursa
803 1792 908 1856 mari:

156 1906 288 1972 eefltestw
297 1905 410 1969 supervi
421 1919 448 1956 re
460 1920 475 1954 s
486 1905 551 1956 boob
561 1907 653 1969 ingenii
670 1907 718 1971 tui,
736 1913 760 1956 et
771 1907 901 1970 reporto
918 1907 968 1955 orie
981 1906 1019 1954 tul
1035 1903 1110 1966 srojor
1119 1909 1156 1954 ed
1165 1904 1258 1955 divitiis

158 1971 232 2020 tertie.
249 1971 289 2020 As
299 1970 353 2020 reri
364 1977 430 2018 suut
441 1971 529 2030 metii,
544 1973 584 2034 osi
594 1970 697 2034 offerret
705 1971 765 2021 mibi
777 1973 858 2020 litem
870 1970 944 2020 tussi
967 1969 1042 2018 leireo
1050 1984 1113 2030 cero,
1124 1970 1189 2018 estio
1199 1969 1258 2018 bore

156 2034 228 2096 puleio
237 2033 281 2082 cire
291 2034 428 2082 Flaminia
436 2035 543 2084 sedda.
559 2035 627 2096 Ergo
637 2051 689 2084 cero
700 2049 765 2084 rcere
774 2034 821 2084 tibi
833 2034 866 2082 sit
876 2034 978 2096 copioso,
995 2048 1048 2081 coer
1058 2035 1107 2082 sirit
1120 2033 1203 2082 nuntii
1213 2033 1255 2095 psi

157 2097 254 2158 recem
264 2097 385 2160 spinolas,
395 2112 451 2158 qua
461 2111 530 2146 mse
539 2111 618 2146 morse
630 2099 676 2147 ettr·
687 2103 772 2158 restet,
783 2098 830 2146 sisi
841 2097 909 2146 forte
919 2093 1052 2160 despicior?
1073 2096 1156 2158 Igitur
1165 2097 1258 2159 spernis

157 2160 251 2210 Poitm
260 2166 337 2220 turre,
347 2161 371 2209 si
383 2159 442 2210 licet
453 2159 479 2208 id
490 2161 612 2223 agitare:
636 2167 659 2211 et
670 2163 777 2212 amidio
787 2167 832 2210 tus
840 2157 915 2226 infido
931 2158 1045 2210 mmor
1061 2159 1177 2208 distentio
1188 2160 1259 2208 loco·

158 2225 228 2272 rurs?
248 2223 289 2274 An
298 2225 426 2273 oblitme
435 2225 499 2273 uos?
522 2226 579 2273 Jcot
591 2225 716 2290 Hydosper
726 2225 825 2288 recipiet
835 2223 912 2273 Soleo
924 2223 1073 2281 occidentem,
1091 2228 1114 2272 et
1126 2231 1163 2284 tu,
1180 2222 1259 2283 obet,

156 2301 260 2350 auges
270 2302 304 2338 ex
315 2288 445 2337 littoribus
457 2288 629 2338 Tartessiocisr
645 2289 730 2338 lltere'e'
740 2293 831 2338 seutoto
838 2287 936 2336 uticem
943 2288 998 2349 gelre
1010 2287 1105 2350 Getico,
1113 2291 1135 2335 et
1151 2287 1211 2335 Urso
1221 2300 1258 2336 se·

619 2397 795 2419 ”mm-0000

158 2467 222 2511 seret
230 2461 326 2512 Aeson.
337 2463 435 2527 Epigr.
446 2468 486 2513 86.
504 2465 560 2513 ‘Cs
579 2476 645 2514 erres
655 2460 771 2510 ruiti-tt
790 2461 893 2510 Credere
902 2421 976 2512 Rott.
988 2461 1104 2510 Floreot.
1120 2460 1184 2510 Pet.
1196 2459 1258 2510 Ver.

158 2525 205 2576 bb
216 2527 256 2577 etl.
266 2527 346 2576 Ante.
362 2532 471 2576 nerem
479 2528 551 2575 Rusti
571 2531 628 2576 .-o
645 2525 731 2586 jungit
741 2538 794 2588 opes
805 2526 864 2574 Ver.
875 2539 927 2574 sec.
938 2539 972 2574 ιιι.
984 2529 1072 2586 pr.-⁷
1094 2528 1186 2586 sceptro
1197 2523 1258 2574 edd.

156 2587 223 2639 Just.
233 2590 293 2640 ΑΜ.
303 2589 405 2655 isingr.
418 2590 501 2639 Coliu.
512 2589 614 2652 Grypb.
626 2595 654 2638 et
665 2589 699 2638 el.
720 2589 811 2651 erepto
822 2590 937 2638 Floreut.
949 2595 1004 2636 tres
1016 2587 1088 2636 Med.
1100 2587 1152 2636 inc.
1165 2587 1256 2637 licius.

158 2651 215 2730 Ppt.
224 2653 274 2702 duo
285 2654 384 2703 Peter.
397 2659 452 2702 set.
462 2654 528 2716 (lyr.
539 2655 601 2703 Vst.
613 2652 698 2702 lirin.
716 2653 782 2701 Erre.
795 2652 906 2701 bucerus.
924 2665 964 2715 pr.
983 2651 1025 2700 ed.
1045 2651 1132 2699 Poros.
1149 2651 1191 2712 qni
1209 2663 1258 2712 pro

157 2730 209 2778 pent
218 2715 275 2766 Pul.
286 2717 445 2766 licelid—9
472 2718 582 2780 Confluat
598 2730 646 2778 pro
656 2715 785 2778 Cmfiuot
795 2715 894 2765 Buslid.
909 2715 1033 2777 imperium
1044 2714 1161 2763 Florent.
1172 2727 1205 2762 m.
1215 2727 1256 2776 pr.

156 2787 256 2842 reporta
265 2782 328 2830 Vct.
339 2795 398 2830 sec.
424 2784 527 2842 retorpet
539 2781 722 2829 Florent.-t⁰
746 2783 909 2828 momatur
927 2793 975 2841 pro
993 2777 1040 2826 sisi
1050 2783 1183 2826 mrem
1193 2777 1255 2826 Vct.

158 2854 208 2892 tec.
223 2843 266 2891 tibi
275 2845 343 2893 Exc.
356 2845 474 2894 Luctus.
486 2857 526 2906 pr.
551 2843 611 2892 mili
622 2840 713 2891 Ambr.
725 2856 765 2904 pr.
777 2857 811 2891 m.
822 2844 926 2906 pr.-ll
953 2841 1062 2903 Dispicis
1072 2843 1137 2889 Exc.
1150 2842 1260 2901 Luctus.

157 2919 195 2968 pr.
211 2905 299 2966 forest
310 2909 391 2956 dicere
406 2907 500 2955 Peter.
512 2910 620 2970 pre—lb
642 2904 759 2954 Fercidrrs
778 2919 825 2968 pro
842 2905 953 2970 Perfidus
964 2903 1122 2967 conjiciebat
1134 2903 1261 2953 Heius.-

159 2973 187 3018 tt
203 2971 372 3020 decidium
383 2969 449 3019 Pur.
460 2969 541 3017 medii
551 2969 614 3018 Vct.
625 2974 688 3018 tert.
700 2969 774 3022 liott.
786 2969 901 3017 Floreut.
913 2968 987 3017 bled.
998 2982 1049 3018 sec.
1061 2967 1160 3018 licelid.
1175 2970 1260 3018 credet

158 3029 212 3081 Pel.
221 3037 302 3083 madet
314 3034 369 3082 duo
382 3031 460 3082 Med.
473 3033 524 3080 inc.
541 3031 635 3080 Heius.
654 3031 717 3080 Put.
736 3032 786 3079 duo
804 3032 896 3080 Peter.
917 3029 1006 3080 Ambr.
1025 3045 1064 3094 pr.
1082 3032 1181 3080 Bonou.
1193 3031 1260 3083 Cod.

158 3094 243 3160 Epigr.
253 3095 346 3148 Ambe.
366 3097 470 3146 Moror.
483 3109 524 3158 pr.
533 3095 621 3144 Oxou.
634 3107 686 3143 sec.
696 3095 759 3143 vet.
779 3095 861 3143 Lirin.
875 3095 940 3144 Erre.
953 3095 1061 3144 Luceus.
1080 3109 1118 3158 pr.
1130 3095 1192 3144 Ver.
1206 3097 1258 3146 tt„

158 3163 430 3273 iff'itpiimiii?
457 3157 1260 3272 ttttttlttdtt⁶“ttlzttttittdt⁶u‚l“‘t·‘tt

158 3283 215 3335 sicce
224 3289 264 3337 rel
276 3288 423 3336 cotem
442 3286 516 3334 liott.
536 3286 614 3334 orioro
628 3290 682 3334 tres
693 3285 766 3334 Vett.
778 3285 851 3333 Rott.
862 3285 945 3334 Oisel.
968 3285 1044 3333 oriere
1063 3283 1115 3334 dno
1127 3285 1198 3334 Med.
1210 3286 1260 3336 lue.

159 3349 246 3398 Heius.
257 3352 358 3400 Bonou.
374 3349 468 3398 Ambo.
483 3363 522 3411 pr.
541 3350 629 3398 Oxou.
647 3361 700 3398 ecc.
711 3348 771 3397 Vst.
790 3348 873 3397 lirin.
898 3349 946 3395 loco
965 3347 1037 3397 bled.
1049 3355 1135 3412 queri.
1160 3349 1207 3398 loco
1218 3349 1260 3398 rel

159 3415 212 3461 cede
223 3413 294 3463 ned.
312 3417 438 3462 see-lt
465 3413 591 3460 Condercit
606 3412 668 3460 Vet.
689 3425 741 3461 rec.
767 3412 894 3460 candescet
913 3412 1028 3460 Floreut.
1047 3418 1099 3460 tres
1118 3411 1190 3460 Med.
1210 3411 1261 3462 inc.

160 3473 245 3526 Heius.
255 3477 382 3527 Put.duo
398 3477 494 3526 Peter.
511 3476 612 3524 Borion.
632 3475 683 3522 duo
701 3473 792 3525 Ambr.
811 3474 910 3524 Buslid.
922 3475 1017 3524 Moret.
1035 3489 1074 3538 pr.
1093 3473 1157 3523 Cod.
1171 3475 1262 3538 Epigr.

159 3537 244 3590 Anbr.
255 3541 317 3590 Vst.
329 3541 421 3589 Lirin.
433 3539 521 3588 Oxou.
533 3551 585 3588 sec.
596 3539 660 3587 Exc.
672 3539 783 3588 Lucens.
795 3552 835 3602 pr.
845 3537 908 3586 Ver.
919 3538 971 3586 LL.
988 3552 1003 3586 e
1015 3552 1094 3600 merg.
1106 3539 1193 3586 Purus.
1211 3539 1261 3587 Ge·

101 3665 104 3674 .
160 3603 216 3652 tices
267 3605 371 3667 pretim
383 3603 487 3653 Buslid.
511 3617 621 3653 menso
632 3601 719 3652 Oxou.
729 3605 848 3652 see—lb
870 3601 962 3665 proluet
974 3601 1088 3651 Florent.
1101 3609 1129 3651 et
1139 3610 1261 3666 quotuor·

188 3747 204 3794 8
219 3746 394 3798 Pbleerrrlem
404 3743 461 3808 cie]
478 3743 511 3794 Id
522 3750 573 3806 est,
582 3744 625 3794 riu
635 3745 692 3808 pul·
731 3745 841 3796 Oriente
858 3757 941 3808 prope
954 3743 1107 3808 Hydsspeu,
1124 3751 1152 3794 et
1164 3745 1263 3795 oriatur

160 3819 493 3884 mtertsrtruinto
508 3819 616 3881 seilicet,
633 3833 691 3883 quae
730 3819 758 3868 iu
776 3817 923 3868 Occidente
941 3833 1022 3883 prope
1039 3821 1195 3870 Tartessum.
1228 3819 1261 3871 Id

159 3895 306 3945 {Pleminio
318 3903 407 3946 strete
416 3893 511 3957 soeret,
526 3908 629 3957 semper
638 3899 692 3943 tur·
731 3894 800 3959 quod
813 3901 853 3943 est
863 3901 961 3958 preter
972 3908 1057 3943 rerum
1069 3901 1195 3945 naturam.

160 3966 232 4019 betur
242 3970 536 4034 occumbendum
546 3976 574 4020 et
585 3967 692 4019 redeun-
765 3971 796 4019 ll
814 3967 973 4032 Tartessiaco]
1004 3969 1139 4018 Tartessos
1159 3977 1198 4018 ert
1217 3983 1262 4034 op·

160 4043 225 4094 teu
234 4047 362 4096 excitato.
731 4043 820 4108 pidum
833 4043 966 4107 Hispanico
980 4043 1085 4094 Baeticae
1099 4059 1180 4108 prope
1193 4043 1262 4096 Oce·

191 4124 220 4168 lt
236 4120 379 4184 Hydaspes]
397 4119 693 4170 Fluviuslndiaerersus
733 4133 809 4168 mum
828 4109 1035 4168 Occideutolem.
1079 4119 1144 4168 lude
1166 4117 1262 4168 dicitur

161 4189 303 4242 Orientem
324 4195 399 4259 qussi
411 4193 501 4254 dicet3
517 4209 569 4243 non
580 4193 637 4244 fieri
650 4207 694 4258 pc·
732 4195 915 4245 Tartessiacos.

162 4272 212 4316 test
222 4275 251 4318 ut
262 4283 305 4318 rue
316 4270 419 4320 oblitus
430 4269 476 4330 sis,
493 4269 541 4318 nisi
555 4267 624 4318 forte
636 4283 694 4332 pes·
765 4273 796 4320 lt
815 4269 909 4320 Getide
917 4269 1021 4334 metris]
1044 4269 1195 4333 Frigoribus
1211 4269 1264 4320 Ge·

162 4343 277 4396 miste
292 4359 384 4397 rerum
393 4344 693 4398 ustursboloceidstiu
732 4342 792 4398 tice
801 4345 914 4410 regionis
923 4359 1012 4398 versus
1022 4345 1249 4412 septemtrionem.
