3470 5496
482 1167 750 1248 mcomus
772 1107 1042 1256 'umusrus

313 1383 367 1476 H
369 1387 691 1482 ADRIANO
726 1393 997 1486 WALLlO
1035 1393 1163 1488 SUO

631 1587 632 1594 Ν
652 1604 690 1681 S.
710 1603 755 1680 P.
773 1601 824 1682 D.

186 2061 365 2150 Naeuiis
392 2087 580 2167 opportune
604 2085 782 2154 admodum
803 2086 905 2164 diem,
921 2086 967 2150 mi
979 2081 1098 2163 Walli,
1113 2103 1134 2150 a
1148 2085 1289 2170 negotiis

184 2181 335 2262 publicis
358 2183 522 2264 feriatum,
545 2184 623 2251 dum
651 2189 687 2252 in
711 2189 843 2253 scriniis
865 2188 949 2252 meis
976 2185 1184 2252 excutiendis
1213 2205 1288 2252 sum

184 2286 290 2361 totns,
309 2287 342 2346 et
356 2283 401 2346 ad
416 2284 590 2351 Musarum
605 2288 794 2354 intermissa
813 2308 908 2354 sacra
927 2288 1072 2352 nonnihil
1086 2287 1288 2371 cogitatione

184 2387 374 2461 convertor,
387 2385 537 2451 obtulere
562 2407 599 2452 se
618 2387 710 2466 milri,
731 2409 807 2472 quae
826 2388 905 2453 olim
919 2389 1002 2453 iuter
1016 2387 1288 2470 peregrinandum

184 2491 424 2550 annotaveram
439 2507 458 2552 e
471 2490 614 2554 vetustis
637 2489 885 2574 exemplaribus
906 2488 948 2554 ad
964 2484 1115 2571 Elegiam
1128 2487 1171 2552 da
1186 2488 1289 2553 Pboe·

182 2585 274 2663 nice,
288 2587 365 2650 sivo
380 2605 402 2650 a
414 2587 603 2667 Lactantio,
622 2587 719 2671 cnjus
739 2609 779 2653 ea
802 2589 1084 2655 lucubrationibus
1098 2587 1197 2670 vulgo
1210 2589 1288 2653 snb·

183 2687 321 2763 texitur,
335 2687 407 2752 sive
423 2690 466 2752 ab
489 2689 558 2754 alio
580 2690 702 2773 quovis
726 2691 962 2775 conscriptam,
990 2689 1124 2771 dignam
1139 2687 1288 2771 proiecto

182 2787 406 2870 meritamque
417 2789 615 2872 castigatius
627 2791 799 2874 aliquanto
814 2791 1016 2856 circumferri
1025 2790 1172 2874 publice,
1185 2809 1288 2874 quam

181 2886 350 2953 hactenns
364 2894 414 2952 ost
435 2888 570 2956 lactum.
614 2889 657 2956 In
681 2891 768 2956 bunc
794 2891 922 2975 quippe
946 2890 1034 2955 diem
1058 2889 1199 2954 maculis
1221 2889 1294 2970 t're-¹

182 2990 364 3072 quentibns
378 2989 566 3055 foedissime
582 3010 720 3075 aspersa
733 3011 793 3075 per
815 3009 933 3055 manus
950 2991 1120 3055 bominum
1142 2988 1288 3056 erudito·

181 3108 259 3154 rum
271 3090 434 3155 volitabat
442 3091 517 3156 baeo
531 3091 658 3174 Elegia
682 3091 758 3156 Nos
772 3093 882 3156 secuti
893 3093 1082 3175 exemplum
1091 3097 1192 3174 atque
1209 3097 1288 3158 anc-

181 3192 355 3256 toritatem
378 3194 487 3276 magni
512 3192 685 3276 scaligeri,
720 3192 905 3258 Claudiano
933 3193 1089 3258 secundis
1112 3194 1199 3258 curis
1228 3213 1296 3276 per

181 3311 251 3357 nos
279 3293 446 3360 illustrato
473 3314 547 3360 eam
571 3297 762 3361 curabimus
792 3295 990 3360 addendam.
1034 3293 1125 3359 Nam
1151 3295 1202 3358 vir
1230 3293 1287 3358 ille

181 3376 460 3478 incomparabilis
496 3395 678 3462 Francisco
713 3395 943 3480 Rapbelengio
983 3393 1121 3460 dederat
1154 3393 1288 3460 consili·

182 3513 254 3574 um,
281 3495 372 3580 qnod
396 3498 492 3576 alias,
513 3499 548 3563 ni
568 3497 677 3575 fallor,
695 3517 739 3562 ex
759 3517 812 3562 me
832 3497 1031 3579 cognovisti,
1058 3493 1242 3560 Claudiano
1265 3514 1288 3561 a

182 3615 220 3660 se
246 3599 411 3662 recensito
436 3604 535 3681 atque
560 3597 733 3662 emendato
759 3596 793 3661 id
818 3615 951 3662 carmen
978 3597 1027 3659 uti
1056 3596 1285 3680 subjungeret:

183 3697 300 3776 credo,
315 3699 405 3782 quod
418 3699 569 3782 ejusdem
592 3699 777 3782 argumenti
791 3698 946 3782 Idyllium
963 3696 1203 3762 Claudianeum
1217 3715 1287 3790 me·

183 3800 339 3864 minisset
352 3799 396 3864 ad
410 3819 474 3866 nos
489 3801 689 3884 pervenisse.
735 3799 828 3864 Inter
853 3797 989 3864 codices
1013 3805 1166 3864 vetustos
1185 3797 1286 3882 hujus

183 3899 348 3984 poematii
371 3921 393 3965 a
416 3919 470 3964 me
495 3899 664 3965 consultos
689 3906 725 3964 et
753 3898 906 3963 evolutos
936 3900 1160 3982 principatum
1186 3898 1285 3964 facile

183 4006 276 4066 tenet
297 4005 546 4067 membraneum
569 4000 749 4084 exemplar,
768 3999 859 4084 quod
880 3999 915 4062 in
941 3999 1142 4064 bibliotheca
1163 3999 1228 4063 viri
1253 4003 1286 4064 at

184 4101 286 4166 amici
307 4105 411 4167 nostri
432 4105 552 4168 summi
581 4103 695 4167 Isaaci
718 4101 840 4166 Vossii
862 4109 1049 4166 asservatur
1072 4107 1147 4164 aute
1176 4119 1283 4164 annos

186 4203 392 4287 mtingentoe
412 4204 631 4288 descriptum.
676 4203 857 4269 Proximus
883 4207 997 4287 partes
1020 4201 1119 4265 facile
1134 4200 1197 4264 sibi
1212 4201 1286 4264 vin«

186 4303 314 4369 dicabit
327 4305 532 4370 Bodleiauus
547 4305 691 4370 Oxonice
712 4306 747 4368 in
763 4302 940 4369 Britannia
957 4301 1077 4376 codex,
1101 4301 1159 4382 qui
1179 4319 1283 4365 anno-

186 4423 257 4471 rnm
278 4412 413 4474 atatem
430 4405 688 4492 ,quingentorum
711 4424 781 4491 prae
807 4423 845 4471 se
870 4404 954 4469 serre
976 4401 1076 4466 nobis
1099 4405 1150 4466 cst
1177 4401 1282 4468 uisus.
